@misc{duminilcopin2022introduction,
  title     = {Introduction to Bernoulli Percolation},
  author    = {Duminil-Copin, Hugo},
  note      = {Lecture notes, November 2, 2022},
  year      = {2022},
  howpublished = {\url{https://www.unige.ch/~duminil/publi/2017percolation.pdf}}
}

@book{grimmett1999percolation,
  title     = {Percolation},
  author    = {Grimmett, Geoffrey},
  edition   = {2nd},
  year      = {1999},
  publisher = {Springer},
  address   = {Berlin}
}

@misc{heckel2010percolation,
  author       = {Riley Heckel},
  title        = {Percolation and the Existence of the Infinite Open Cluster},
  year         = {2010},
  howpublished = {University of Chicago VIGRE REU Program},
  note         = {Available at \url{https://www.math.uchicago.edu/~may/VIGRE/VIGRE2010/REUPapers/Heckel.pdf}},
}
@book {MR3616205,
    AUTHOR = {Lyons, Russell and Peres, Yuval},
     TITLE = {Probability on Trees and Networks},
    SERIES = {Cambridge Series in Statistical and Probabilistic Mathematics},
    VOLUME = {42},
 PUBLISHER = {Cambridge University Press, New York},
      YEAR = {2016},
     PAGES = {xv+699},
      ISBN = {978-1-107-16015-6},
   MRCLASS = {60C05 (05C05 05C81 28A80 60J50 60J80 60K35 82B41)},
  MRNUMBER = {3616205},
       DOI = {10.1017/9781316672815},
       URL = {http://dx.doi.org/10.1017/9781316672815},
note = {Available at \url{https://rdlyons.pages.iu.edu/}},
}
